@article{10.2307/2034278,
 ISSN = {00029939, 10886826},
 URL = {http://www.jstor.org/stable/2034278},
 author = {John H. E. Cohn},
 journal = {Proceedings of the American Mathematical Society},
 number = {4},
 pages = {581--588},
 publisher = {American Mathematical Society},
 title = {On the Value of Determinants},
 urldate = {2023-04-14},
 volume = {14},
 year = {1963}
}
@article{10.2307/2034695,
 ISSN = {00029939, 10886826},
 URL = {http://www.jstor.org/stable/2034695},
 author = {G. F. Clements and B. Lindström},
 journal = {Proceedings of the American Mathematical Society},
 number = {3},
 pages = {548--550},
 publisher = {American Mathematical Society},
 title = {A Sequence of (± 1)-Determinants with Large Values},
 urldate = {2023-04-15},
 volume = {16},
 year = {1965}
}




