@inbook{dummit1991abstract,
  title     = {Abstract algebra},
  author    = {Dummit, David S and Foote, Richard M},
  volume    = {1999},
  year      = {1991},
  publisher = {Prentice Hall Englewood Cliffs, NJ},
  pages={489}
}
@article{auto,
  title={Automorphisms of finite abelian groups},
  author={Hillar, Christopher J and Rhea, Darren L},
  journal={The American Mathematical Monthly},
  volume={114},
  number={10},
  pages={917--923},
  year={2007},
  publisher={Taylor \& Francis}
}