@book{LoringTu,
  title={An Introduction to Manifolds},
  author={Tu, L.W.},
  isbn={9781441973993},
  lccn={2010936466},
  series={Universitext},
  year={2010},
  publisher={Springer New York}
}
@book{Folland,
  title={Real analysis: modern techniques and their applications},
  author={Folland, Gerald B},
  volume={40},
  year={1999},
  publisher={John Wiley \& Sons}
}
@article{lee2009manifolds,
  title={Manifolds and differential geometry},
  author={Lee, Jeffrey M and Chow, Bennett and Chu, Sun-Chin and Glickenstein, David and Guenther, Christine and Isenberg, James and Ivey, Tom and Knopf, Dan and Lu, Peng and Luo, Feng and others},
  journal={Topology},
  volume={643},
  pages={658},
  year={2009}
}
