
@book{dummit1991abstract,
  title     = {Abstract algebra},
  author    = {Dummit, David S and Foote, Richard M},
  volume    = {1999},
  year      = {1991},
  publisher = {Prentice Hall Englewood Cliffs, NJ}
}
@inbook{丘维生,
  title     = {高等代数.下册},
  author    = {丘维生},
  year      = {2019},
  publisher = {北京: 清华大学出版社},
  pages={101-102}
}

