@article{article,
author = {Barbeau, Emmanuel and Didic, Mira and Joubert, Sven and Guedj, Eric and Koric, Lejla and Felician, Olivier and Ranjeva, Jean-Philippe and Cozzone, Patrick and Ceccaldi, Mathieu},
year = {2011},
month = {11},
pages = {823-37},
title = {Extent and Neural Basis of Semantic Memory Impairment in Mild Cognitive Impairment},
volume = {28},
journal = {Journal of Alzheimer's disease : JAD},
doi = {10.3233/JAD-2011-110989}
}
