@book{antfkq,
  title     = {代数数论},
  author    = {冯克勤},
  year      = {2018},
  publisher = {哈尔滨工业大学出版社}
}
@book{mingtirenjiangzuo,
  title     = {命题人讲座：初等数论},
  author    = {冯志刚},
  year      = {2009},
  publisher = {上海科技教育出版社}
}
@book{p-adicnumber,
  title     = {p-adic Numbers An Introduction},
  author    = {Fernando Q.Gouvea},
  year      = {1997},
  publisher = {Springer}
}
@book{gtm84,
  title     = {A Classical Introduction to Modern Number Theory},
  author    = {Kenneth Ireland,Michael Rosen},
  year      = {1990},
  publisher = {Springer}
}
@book{gtm7,
  title     = {A Course in Arithmetic},
  author    = {Serre},
  year      = {1973},
  publisher = {Springer-Verlag}
}
