@incollection {MR217026,
    AUTHOR = {Tate, J. T.},
     TITLE = {Fourier analysis in number fields, and {H}ecke's
              zeta-functions},
 BOOKTITLE = {Algebraic {N}umber {T}heory ({P}roc. {I}nstructional {C}onf.,
              {B}righton, 1965)},
     PAGES = {305--347},
 PUBLISHER = {Academic Press, London},
      YEAR = {1967},
   MRCLASS = {10.41},
  MRNUMBER = {217026},
}
@book {MR427267,
    AUTHOR = {Weil, Andr\'e},
     TITLE = {Basic number theory},
    SERIES = {Die Grundlehren der mathematischen Wissenschaften},
    VOLUME = {Band 144},
   EDITION = {Third},
 PUBLISHER = {Springer-Verlag, New York-Berlin},
      YEAR = {1974},
     PAGES = {xviii+325},
   MRCLASS = {12-02},
  MRNUMBER = {427267},
}
@book {MR1397028,
    AUTHOR = {Folland, Gerald B.},
     TITLE = {A course in abstract harmonic analysis},
    SERIES = {Studies in Advanced Mathematics},
 PUBLISHER = {CRC Press, Boca Raton, FL},
      YEAR = {1995},
     PAGES = {x+276},
      ISBN = {0-8493-8490-7},
   MRCLASS = {43-01 (22-01 46-01)},
  MRNUMBER = {1397028},
MRREVIEWER = {Robert\ S.\ Doran},
}
@book {MR1680912,
    AUTHOR = {Ramakrishnan, Dinakar and Valenza, Robert J.},
     TITLE = {Fourier analysis on number fields},
    SERIES = {Graduate Texts in Mathematics},
    VOLUME = {186},
 PUBLISHER = {Springer-Verlag, New York},
      YEAR = {1999},
     PAGES = {xxii+350},
      ISBN = {0-387-98436-4},
   MRCLASS = {11-01 (11-02 11F30 11R37 11R42 20E08 20E18)},
  MRNUMBER = {1680912},
MRREVIEWER = {Stephen\ D.\ Miller},
       DOI = {10.1007/978-1-4757-3085-2},
       URL = {https://doi.org/10.1007/978-1-4757-3085-2},
}
@book {MR1697859,
    AUTHOR = {Neukirch, J\"urgen},
     TITLE = {Algebraic number theory},
    SERIES = {Grundlehren der mathematischen Wissenschaften [Fundamental
              Principles of Mathematical Sciences]},
    VOLUME = {322},
      NOTE = {Translated from the 1992 German original and with a note by
              Norbert Schappacher,
              With a foreword by G. Harder},
 PUBLISHER = {Springer-Verlag, Berlin},
      YEAR = {1999},
     PAGES = {xviii+571},
      ISBN = {3-540-65399-6},
   MRCLASS = {11Rxx (11-02 11S15 11S31 14C40)},
  MRNUMBER = {1697859},
MRREVIEWER = {Cornelius\ Greither},
       DOI = {10.1007/978-3-662-03983-0},
       URL = {https://doi.org/10.1007/978-3-662-03983-0},
}
@book {MR2462595,
    AUTHOR = {Childress, Nancy},
     TITLE = {Class field theory},
    SERIES = {Universitext},
 PUBLISHER = {Springer, New York},
      YEAR = {2009},
     PAGES = {x+226},
      ISBN = {978-0-387-72489-8},
   MRCLASS = {11R37 (11-01 11S31)},
  MRNUMBER = {2462595},
MRREVIEWER = {J\"urgen\ Ritter},
       DOI = {10.1007/978-0-387-72490-4},
       URL = {https://doi.org/10.1007/978-0-387-72490-4},
}