@book{潘承洞2003初等数论,
  title     = {初等数论},
  author    = {潘承洞 和 潘承彪},
  year      = {2003},
  publisher = {北京大学出版社}
}
@book{美国数学竞赛指南,
  title     = {美国数学竞赛指南},
  author    = {Harold B.Reiter and Jonathan M.Kane},
  year      = {2021},
  publisher = {世界图书出版社}
}
@book{组合数学,
  title     = {组合数学},
  author    = {冯荣权 和 宋春伟},
  year      = {2021},
  publisher = {北京大学出版社}
}

